{
  "leader": "01317cam a2200337Ii 4500",
  "fields": [
    {
      "001": "ocn228430499"
    },
    {
      "003": "OCoLC"
    },
    {
      "005": "20221222095520.0"
    },
    {
      "008": "880922s1952\\\\\\\\nyua000000000104750\\eng\\\\"
    },
    {
      "010": {
        "ind1": "\\",
        "ind2": "\\",
        "subfields": [
          {
            "a": "   52008813 "
          }
        ]
      }
    },
    {
      "040": {
        "ind1": "\\",
        "ind2": "\\",
        "subfields": [
          {
            "a": "NNWhit"
          },
          {
            "b": "eng"
          },
          {
            "c": "AQ#"
          },
          {
            "d": "VVW"
          },
          {
            "d": "OCLCQ"
          },
          {
            "d": "OCLCF"
          },
          {
            "d": "OCLCO"
          },
          {
            "d": "OCLCQ"
          },
          {
            "d": "OCLCO"
          }
        ]
      }
    },
    {
      "035": {
        "ind1": "\\",
        "ind2": "\\",
        "subfields": [
          {
            "a": "(OCoLC)228430499"
          }
        ]
      }
    },
    {
      "050": {
        "ind1": "0",
        "ind2": "4",
        "subfields": [
          {
            "a": "NE650.R67"
          },
          {
            "b": "A453"
          }
        ]
      }
    },
    {
      "082": {
        "ind1": "0",
        "ind2": "4",
        "subfields": [
          {
            "a": "769.924"
          },
          {
            "b": "ROU"
          }
        ]
      }
    },
    {
      "100": {
        "ind1": "1",
        "ind2": "\\",
        "subfields": [
          {
            "a": "Rouault, Georges,"
          },
          {
            "d": "1871-1958."
          }
        ]
      }
    },
    {
      "245": {
        "ind1": "1",
        "ind2": "0",
        "subfields": [
          {
            "a": "Miserere :"
          },
          {
            "b": "with a preface by the artist /"
          },
          {
            "c": "Georges Rouault; and an introduction by Monroe Wheeler."
          }
        ]
      }
    },
    {
      "260": {
        "ind1": "\\",
        "ind2": "\\",
        "subfields": [
          {
            "a": "New York :"
          },
          {
            "b": "Museum of Modern Art,"
          },
          {
            "c": "[1952]"
          }
        ]
      }
    },
    {
      "300": {
        "ind1": "\\",
        "ind2": "\\",
        "subfields": [
          {
            "a": "1 volume (unumbered) :"
          },
          {
            "b": "illustrations ;"
          },
          {
            "c": "26 cm"
          }
        ]
      }
    },
    {
      "336": {
        "ind1": "\\",
        "ind2": "\\",
        "subfields": [
          {
            "a": "text"
          },
          {
            "b": "txt"
          },
          {
            "2": "rdacontent"
          }
        ]
      }
    },
    {
      "337": {
        "ind1": "\\",
        "ind2": "\\",
        "subfields": [
          {
            "a": "unmediated"
          },
          {
            "b": "n"
          },
          {
            "2": "rdamedia"
          }
        ]
      }
    },
    {
      "338": {
        "ind1": "\\",
        "ind2": "\\",
        "subfields": [
          {
            "a": "volume"
          },
          {
            "b": "nc"
          },
          {
            "2": "rdacarrier"
          }
        ]
      }
    },
    {
      "600": {
        "ind1": "0",
        "ind2": "0",
        "subfields": [
          {
            "a": "Jesus Christ"
          },
          {
            "v": "Art."
          }
        ]
      }
    },
    {
      "600": {
        "ind1": "0",
        "ind2": "0",
        "subfields": [
          {
            "a": "Jesus Christ"
          },
          {
            "x": "Crucifixion."
          }
        ]
      }
    },
    {
      "600": {
        "ind1": "0",
        "ind2": "7",
        "subfields": [
          {
            "a": "Jesus Christ."
          },
          {
            "2": "fast"
          },
          {
            "0": "(OCoLC)fst00040116"
          }
        ]
      }
    },
    {
      "650": {
        "ind1": "\\",
        "ind2": "7",
        "subfields": [
          {
            "a": "Crucifixion of Jesus Christ."
          },
          {
            "2": "fast"
          },
          {
            "0": "(OCoLC)fst01352652"
          }
        ]
      }
    },
    {
      "655": {
        "ind1": "\\",
        "ind2": "7",
        "subfields": [
          {
            "a": "Art."
          },
          {
            "2": "fast"
          },
          {
            "0": "(OCoLC)fst01423702"
          }
        ]
      }
    },
    {
      "776": {
        "ind1": "0",
        "ind2": "8",
        "subfields": [
          {
            "i": "Online version:"
          },
          {
            "a": "Rouault, Georges, 1871-1958."
          },
          {
            "t": "Miserere: with a pref. by the artist."
          },
          {
            "d": "New York, Museu of Modern Art [1952]"
          },
          {
            "w": "(OCoLC)989837709"
          }
        ]
      }
    },
    {
      "994": {
        "ind1": "\\",
        "ind2": "\\",
        "subfields": [
          {
            "a": "Z0"
          },
          {
            "b": "NYRVC"
          }
        ]
      }
    },
    {
      "948": {
        "ind1": "\\",
        "ind2": "\\",
        "subfields": [
          {
            "h": "NO HOLDINGS IN NYRVC - 10 OTHER HOLDINGS"
          }
        ]
      }
    },
    {
      "999": {
        "ind1": "\\",
        "ind2": "\\",
        "subfields": [
          {
            "a": "00000000010475"
          },
          {
            "b": "Copy 1"
          }
        ]
      }
    },
    {
      "999": {
        "ind1": "\\",
        "ind2": "\\",
        "subfields": [
          {
            "a": "00000000010479"
          },
          {
            "b": "Copy 2"
          }
        ]
      }
    }
  ]
}